<record><leader>00000cas a22000007a 4500</leader><controlfield tag="001">1695207</controlfield><controlfield tag="008">751012c19139999mnuwr ne      0    0eng  </controlfield><datafield ind1=" " ind2=" " tag="010"><subfield code="a">sn 83016757 </subfield></datafield><datafield ind1=" " ind2=" " tag="040"><subfield code="a">DLC</subfield><subfield code="b">eng</subfield><subfield code="c">MUL</subfield><subfield code="d">DLC</subfield><subfield code="d">MN#</subfield><subfield code="d">OCLCQ</subfield><subfield code="d">OCLCF</subfield><subfield code="d">OCLCO</subfield></datafield><datafield ind1="1" ind2=" " tag="029"><subfield code="a">AU@</subfield><subfield code="b">000025839900</subfield></datafield><datafield ind1=" " ind2=" " tag="042"><subfield code="a">msc</subfield></datafield><datafield ind1=" " ind2=" " tag="043"><subfield code="a">n-us-mn</subfield></datafield><datafield ind1="0" ind2="0" tag="050"><subfield code="a">Newspaper 8493</subfield></datafield><datafield ind1=" " ind2=" " tag="052"><subfield code="a">4144</subfield><subfield code="b">P35</subfield></datafield><datafield ind1=" " ind2=" " tag="052"><subfield code="a">4143</subfield><subfield code="b">O6</subfield></datafield><datafield ind1="0" ind2="4" tag="245"><subfield code="a">The Perham enterprise and bulletin.</subfield></datafield><datafield ind1="3" ind2="0" tag="246"><subfield code="a">Perham enterprise-bulletin</subfield></datafield><datafield ind1="3" ind2="0" tag="246"><subfield code="a">Perham enterprise bulletin</subfield></datafield><datafield ind1=" " ind2=" " tag="260"><subfield code="a">Perham, Minn. :</subfield><subfield code="b">H.D. Smalley,</subfield><subfield code="c">1913-</subfield></datafield><datafield ind1=" " ind2=" " tag="300"><subfield code="a">v. :</subfield><subfield code="b">ill. ;</subfield><subfield code="c">61 cm.</subfield></datafield><datafield ind1=" " ind2=" " tag="310"><subfield code="a">Weekly</subfield></datafield><datafield ind1="0" ind2=" " tag="362"><subfield code="a">30th year, (June 26, 1913)-58th year (Nov. 21, 1940); v. 58, no. 48 (Nov. 28, 1940)-</subfield></datafield><datafield ind1=" " ind2=" " tag="500"><subfield code="a">Oct. 9, 1947 issue called also "Diamond Jubilee edition."</subfield></datafield><datafield ind1=" " ind2=" " tag="500"><subfield code="a">Title varies slightly.</subfield></datafield><datafield ind1=" " ind2=" " tag="515"><subfield code="a">Issues for June 26, 1913-Nov. 21, 1940, called also 13th year-38th year.</subfield></datafield><datafield ind1=" " ind2=" " tag="530"><subfield code="a">Available on microfilm from the Minnesota Historical Society.</subfield></datafield><datafield ind1=" " ind2="0" tag="651"><subfield code="a">Perham (Minn.)</subfield><subfield code="v">Newspapers.</subfield></datafield><datafield ind1=" " ind2="7" tag="655"><subfield code="a">Newspapers.</subfield><subfield code="2">fast</subfield><subfield code="0">(OCoLC)fst01423814</subfield></datafield><datafield ind1=" " ind2="7" tag="651"><subfield code="a">Minnesota</subfield><subfield code="z">Perham.</subfield><subfield code="2">fast</subfield><subfield code="0">(OCoLC)fst01253881</subfield></datafield><datafield ind1=" " ind2=" " tag="752"><subfield code="a">United States</subfield><subfield code="b">Minnesota</subfield><subfield code="c">Otter Tail</subfield><subfield code="d">Perham.</subfield></datafield><datafield ind1="0" ind2="4" tag="780"><subfield code="t">Perham enterprise</subfield><subfield code="w">(DLC)sn 89064358</subfield></datafield><datafield ind1="0" ind2="4" tag="780"><subfield code="t">Perham bulletin</subfield><subfield code="w">(DLC)sn 89064410</subfield></datafield><datafield ind1="0" ind2="5" tag="780"><subfield code="t">Perham graphic</subfield><subfield code="w">(DLC)sn 89064360</subfield></datafield></record>